115456863043545119048716303547132502099340846486633589132164209985708612977747
10348558156662922150355936464913954776237614863001086810657313069994725401044
10158862317959238528471692795504522904761842396199771017349702519031365077653
39770236627139996910689023791836533168831720776580773160405861601705371513438
66669674906882503449428704143030145194240702989334592727936450792326078977746
89986234698119066178379932105277786580978039865626123537491119459318804155428
66752867312053431273834957598064519219065457803382750297069893353988081468153
97232172647385045510349831729997807569014082249833243452117153077251934125107
34314184960426055904728994660951220240268868021035344563139189118625901820057
34491742385921055083522451833169917815324721951012571004516590287927605262554
23687129554616923952994374223024801010741577826837325032786584969922104650092
75153255985850598635963435604373807769280462372556429072736969806543271713330
95777000454439351314664386763831198349637863129124190935470526339911157864381
29256795256655823663509424564451578078525950627555839111105469940488125353339
51564191091372710800865998305040895041525616233546154248430181086723588418942
53205679961929472664249885786472221412767973995455020935675163127473319917286
18713194750780568303701306350772862583297239240998676729988811130457431992684
63149783266143980609432495566835027508789429086683382448491091767755790834726
83544578641598646310367101994095270905599090193238041499431532521966495999997
89744654962046131207112668464996942167598883571656196651150268155454157640633
62597044078440113362391649261873328914082055227568638791046959328589031228381
52845240830088452656380847090267051198994888388276835559768936480709554377682
40222023434055442883876924434672171925639843585717203718155296842845743288471
97287523442592006645895188434020987366329769140544095501065453094770000942821
64684671824950437392126677982943834648388919329816683045957797963705422259809
31297687153427340793691204645323289987585192172897028815820049181773240203339
83921221915326797956691499274072482176977478597763121017206709998092793003654
27868991908122720549417491116524167977940320172110420029015022014282986222750
18659227959291610544901881140847370638180192650744822133535111652523213053404
11978926933665668720218041898228293665513588382848842155068072305844201598519
95355857775086219838582673843613643831197195371751585131426506264855724065694
35278382118321886177320067893958917732934837186123736751977410674826092816845
113616398379759438811219090124516974831243354864692727156094518507901742008923
63874443278649576410283572826135939028276076493501076875199962455686794936353
15881841107224182492391319318155973020906103049697954862039373172384755580559
93141883315401567473190612815744439857234846788379490288388119081569200316616
33280826401348939902760572248373288306498062676697061271164965536060271283593
52443181867732450624728479782868708421487181301378481597828377879445277601491
96691828197450671464269753890527286904105534483381535769144773795469383839044
71441278602499736523993531695059353665752761228655829986354718751098034641316
85901085966586198903296125671267197265292177724687021241759259892309584759811
68443153216926535069354641712750719874548685084634118209236633694173810405359
39696331782487628445634150412084472374796252226376194396976435675865089978509
18747414292662626230258816259583041449254256693907041244928017086073308436608
9692227951109687585510461116029094762442040666035986929091046958098595378585
61003628651676502837152074495342127423331554676045611374685934797851300214178
101556361163025661585628965260466732852676923635346511083089012360663282966463
38908554439619133947385622942628261580490471662789770165004521826765321906182
31572147688959663866244420458209889564603400738936876900462762360160580133741
31693631659066804878930293499090593412480350263291527537555841029852362108132
80773552410994430401959751268711627911577715246213655817360623837485063452813
70919869471924219857312603930741227262535442306022419225869940067245035755462
58691465111859650693940953137849618556546729382490347464103643500352485199590
5319336852036232602087380913975427978288575144451573782908577697630780359788
4474239376975207715921918506199825782710677302581370832490619860384985892994
101935587647767508518189469936073384442962807322585786558121263682275636155314
21596785147241694560300286889701483649566140541143873164989452106500507577075
19481859107971257219416186805602614078159712145818812577920910646667110639036
61503261821004267761778145554214686792888785425710300704347006016973654854233
29199764001906850166833383659453941383143808345684291514892458353685254253457
73246671563682432459906012076685538218057791581352974353662047919784025189985
5565158492049019696196757168920428038464673539849196270563625419225207942287
15928863506910569093048823530301766280405307030265446460474590724402750768340
20399136402256524748918989381196782681821263242356161641276336377582016856010
32140788324937261669001883682238589820437920672173076794826964855010624094223
114710691535598882349892934672242404404956190883793351248928528817523081271541
60109532996297974922982360944881682010532202221795833397656928046763046977674
31166384031408863842081330708456287770965864480965162886062285455475200433084
4968397620450253616292055046176639395188468789794637141667855441055281265874
57836127035765081026389929141003588808685051571883936002411059233749600086140
19298251237833679426028616862046099048875516225621438971985388309475688458690
54284867582104733315882564471374956283604480470610168022048232392716591199343
3508513619416518131784452750732135899249589400844570482372258931779517828661
14525940895332926883677400622790839128526058282962250206349741541842469304642
3158644884723000915618115600592313142086225450164825205765309485445035860300
44043515535439791104428442507807172060584839605729404912544557223552926486010
45966486045158231556096340521111496768612851905978321562156597411149193926864
100827327155434025270041446576477686546061704549019194709624137193239744349642
89048701515058035489151654012994327874965051756985471961732722112600769347244
98728084217687893546517652706742959949926623306330656841956740763006443178070
40004828119230636477252364416584263579079723676691550298193863533186489157523
61933171973438010878188414699815373291791270965863916778085084124681538440909
70797936992435735824601921330468746268395842697686178992285425145890917081587
23408958675637794714332090476684098789356151978881051906061513366324177113370
88774945760496106886778050815647278565166635386067406653137120663220139879802
1103448336084744156210375572384055854156838636243120001489282943995907492809
58890261497972944439792767578291170087343557134584379651087814225443560317147
61590372582172148904086848791299726551819231068006849840327897733283015265385
89324609172967874919574559984588681350734920151819010640193169272445156218761
84461523276525330804136012565962594536675004915769629746467481877386707620152
45483980139168111525576089993629521208395514990220552234360990756840629680307
70009953810577207326433925515708818365580664589995902262029647358059955843300
106087761387781151956484939281618484837427055283592324374777240018522452747621
88685280244217560033708968545868013856201755172185114763153115942041580909966
33261912809462057960536417627258627477829003795205590851595760337498198453149
30540677901187941777901429129099160319399575023681209740702821703395351688150
70043071999594169133182588290671618475730760234213066452312448138424621988340
39253902282492564853138221989303832288801799465449261446898789475897131582156
24450573306264553081158375024298957689080757963480703479576405685705713728352
77076066918622159456648711860198144152451674558136918732082690087070547523090
64440009009856859223573650528092755336959102343533545435109534329287075384426
89354522177460524380100488028291201420080943668065628839903958112113537748424
31304730149301258839371788479992295615516946468430004753129159382783379400767
13241808322705861918125437173164172413915992952834137527249638445208163915478
37266245885594993757778931049566923246610556739130098632712909851470468674719
20931335612426973753211662684333206905627100588333248529306310766887272938546
5377103071205130267585805592484319889578861072978894812131098641836151683095
6515564101523256766758062048223929232012133059035326703221181171357077577650
115072314301224159060041954142153147739991939025286306541925109565600778728036
86481756043692970664486179229040673459005911632937504458969147550884663316160
70570667279976545283747135968043279302353016143761416434804082845473898581492
75014743001105459128637644588977736331390014167675319177231732723541611929799
87956853098325148922752629287834425128983772603299003686069060659295184799166
73601898898689768765469355346303881467118066034544420508934888151547176616090
