114948275487750768857792986581412415040647322364632817596077382069293029223015
107389622641334537030939382669678856421866581381610090557045270505663264675652
48460802408686864754916441743528544879357612583177838808632756023510054410329
107341101954738468581149205812214833728551119992456693603249039071371890396514
47646894214393867053762599646970033554368088063943760683492433152601757843529
40106418473322098230941991981984376954809309963864396181813706300029790121195
68258833473292247093457078662143941176522884212868815641724628893289169516067
106236694243795256567850238232653092104912715994183799639634508030040732919971
41364330194696912945346081494583085201951621867328681851885583401201703573386
94884722691624513298587423660220500164786933027549754237298250588947480318327
44925625110372358049209268652341200515268808461726350831575353800455018021566
73439857026338367880819520994535975334505320514786675591237216198020750942584
68700242088014444023384754539841075026710679598895729118239533810616749058194
75303493360452897731861951501652765441035692043334285746828790273928126771913
33816603697959732804729261696336575772218793424187330738436419693588666816642
37768291722274421170638319550898937306838569741592855461528380948909715275593
81450773687269141679595950611296825060718596107276311404669950763845339496838
115700092004081057038743094072225705467170657782250156783274086166867503946219
36339135886906732635633487007095474479396724823045583756947397974843426736336
20169282720406035406873998976555460049510523118933318454234935479644083975306
109899094126396557867099725936286381887607753041243872479583848152405272755230
19390585799432885399420567669024935040223953040778281303682707144076686304227
17940500760918535019548828745903899891681705234500331876665392109291778501494
72773343514821632571672228901848670529545564419907416890855653068979961773279
97806450215945139457799199318050098348300586178865633418939847045653710782429
56965230126121324370614633253682667460398293484704665545646250453362677948544
109672846077801910564784316990123018589507270334294418083226159484745834303271
762174940748840328717486478666497610089070809242651365551690703408670537392
7645703526760726770718653535011474995604950414749246057809634178497900040455
97834334219413796470329424719577905518900150634526698521938138955439300350045
1952085369083217515099522766162057092539608675443852840403875718761491545010
33215337722304575536259415029486658036190892778261406074990176104773351380456
5132052806734194503893093478253697122735329900116123976702165743043169116304
25459202948649080874695481205504876158007361702693576307501752279835802580637
67816843874860735961046265560361497681875316671782583654994342577188916682194
39391552297720233055594593066515208194335880095227595210678871012372486584898
22212380855972196959995088800203378371709759576697025328531098000621269474403
44888684064607003007392463868137927607820528315636596438233600587649500730768
85542697380753526811512536201156930970233960151946024419728600303460031657700
76767444997034715982163028924224569656929571074684318767767052534330836560986
82317639362790137528736145439799115320359683669156852189046935069134129454128
43549575127846984807537028776383645871900136300706135841526406830281222453564
97567260836239531674938403393244027920577722632266993908424119679110189872778
95725566790279577501953058373539045480556137391229095345870605442245377221482
4005314688005507023671384820916585724085567380129714693179252499458438744660
431362536193882700351545288368089651964746545241927602694722156787488248967
23372748589381626971467494953395281947090529137074639127707514976997435279656
87441827597943068815091451273023845507992356224137879589594006490785475372397
72967451089975346255996196514308079367220763094474482958282326379822502684246
23702784498679953064677978070034556253785199234006470292276749335648218674424
67774986378564052118949515535743551546613571279225189494389725077538364762992
95686241995662657472704380519687739994024949936888360190571723527329446695884
57210852727431425876800077956057818116312978987279507475866191578187883213643
46198321028718352152302225617770764356361368238316830103139234432636397953022
844658392780214064560344256262986600971356548090774960246864575614673715931
30640755081730124146360318816167893976300941084841083686239533853567837215227
102187952840920121785326045660029162662878133866837194565854089416615840195964
72400433457682534633061580631642402217813988962181735555263822250866647596728
3700076115024953915005389051220769442644198774446843593074782710073364517156
49337977587429699025343247683336886939848009411340190752028380024788443078254
25862794544515388590456262629144714046262651717201357480697340507378575061343
59450471185060891764289489711085364800491815497949414214063830559723774234093
101410990145317512776929922137119105615791068864509733210774346450515897874426
57604753850805479143999431091696107242065228639163487187405545632829459540715
75792170650743600733114893891709264254649594141061937441663484061975838551852
99022204096110330489696438360351879951169877330824151124656928910370954144630
95143356888550904504748900316054569909288338347832195724153792129066616447058
115282059483685566518078191878632566222785087711839780811618482421522903786598
103797488061355441030620469310136662461608102389757714293759816966421316240743
1021419922950832096694886118029829303726048957947920216262631219029726451566
78363501853481269470529754740146432862811761903642721136078369727735482982938
114484871253856086576596604676204592492157147358122054544485504253180922515576
106419284796785781870308789092547209160868339876398941034801342950017082580655
76845524778572582849671778344118347367272982331261963349501746329235386996205
37663770977315340907213897398014285670059532880913857905348142319145923387989
67078746152650317355758874035297921747673934641810415099258515173340707358363
28306673398283140300948415857843296446502975899758980817136633947600507892195
100485309452293176460183620623107651750552365928497787074535091238685512985261
43212910941159016415536247239736395090294950160024231242150808807453188421413
7315706076317928532044255118393564406574443742247205885576195328955514463664
36203426758501502404263263035070077981266667229199495788855154448037645914391
36774702763006007895632296227754709536197223012427807032985119933602864991876
8171333785816772085708705589065286218126398405489703186945518654809485330176
89031789892682709115715372506376162874692254019210895002930244952603458050359
