11926961201169800855623243761830175779911572299077135910588101202645019323994
84691553972167953738904145405765916410927438555086692067195436424035475162752
48799444422459965702686547726762289870037005259240313669061043049987771930321
105647786735481009081328498126241427326318652144668263337678670169168736808380
31145386532043850471686516629003550633852402354586757224275738576322656526692
55532490762499555154811154034560761746301828751196077899965993805810754090676
71006208018063825403811810851824908133391913692555036316561723931390519194150
104567614827292404828494410767545280912462962657713318014883339753205337346220
43183100161138309292882245906079016883497051948002219635946813868480212214582
24085833130531772533074935430105921116246768740742736280032591717875389832001
15949746653631512736102161360227264109262487132288684274206114624818504381723
10037971107139684466939297277471880138116102339995904800345459654363397826389
16406371389005601838716895031713535455410743854383161749154637249188813273823
99493160276715619670848753935642123936924481004700584648574971662147551790089
8364136003509311500623594943701417241422444368974642287275095504935070722574
27702723488220546311515068754238254630991205148625551540202717115153075104396
44068128251175910922327214766999038648298127202034490049430913934340577119978
31665369998096228073459604735133853544814930077985343238323559183475420944622
8100491205547470613657886410031522286850077519471619660334298809117358955442
25540643802778252618267773025967483301088313741866285627987165223869968225644
14151104508208277918444344644257255312052274268871908192074468790583159098485
77954767375173038858408897058623919738191604196841407581180268236182375926693
1518330487438668408374469242778401710246095282714680969743807430194372090135
111909120790997869613478285510249413344360118384348737378128006320051432917992
84393780078359792677069037737506477595969293839246497688623926261421030420368
77538354891216169006158678024667361542054882638179695937186333864068354830321
81527561400636820024904581196734002009879615242509468227458608999761554305495
35963888760656833484207331870650056099738841955052366569771549260528568776857
27713412835207067631675414251830865177475521365031108146842888301147358442827
90925615049701182053953956654445771276076548015054066028316562263135982028622
4535279704224498231243206528068498961386426380219375832871750986381676350780
114153579064572693791474175056881764208893091299074659323887757804202679230414
64006943159317806531959648690251593180508397140642928357307624437931042987001
103252162566530878726507036254561296513101280160943490556593969803735059334313
803194437871349272845117272198164249153044633743625170787753877736402874336
50779235198550175973914316868957744847064703116085043571136680493764352595281
45897761065952261891091940016080929503262748190769866141145172242542136394562
67568557595206451592650982969726870149112949751548976514050160504883656461239
110709372310414859988635795861960428744905451997244386163099830687676643133952
22161012171773656520546109871489519707880152045405062526339642387115592834016
43984220450073938264803654700040720712826090999741486244103799720643498482113
26380697280114808119676126625810394519762983634595342395511682375179685266226
69681737055751421512198312440428656852237868791874699014611197650399225637018
63336615667786501670382427343768815361966031038327926895790784153799523140877
54939057605686696089012576183206329899263997471445286641703638285985612203885
96710679386817738195570578496564806723919141271970044668374424052507168011240
73339164027262954894182172859287746114114479283151430914517119793133548481074
49334745540455790506099351058412539531492367817621522391424059855740089582955
56440876669514902722286439904305339934461583899206516547237173390368566009686
39520683167760627707440315282591405726983852373637545223382780643315765629090
34001299049633009308425513976584222144349930362116043265618420628337610452157
84659581919364154749548422873472358127356603665278176971706566829384140524326
23066771234829258730272164207817660060844654940590800568458406371799208509307
69328301872880516313483625001981844351566590732837733570142565426305689250381
2428859599426000741701846096641792718325867043709258530079594376149913368137
14292116855287838183225166278585127764257652558626179100786179164087616886636
45930592335544271812982336854616873318058107674392088639986140591103847406321
80417778320668290823682735329067213219614465487447428583504317720612361644827
103379036057472156785005558004728812341009709996753943206826134967825731412391
29502392334723074604038984440929100371211155018027286206112069219442612142583
33530833271211439569233413252296437283792633499110591907105838212470721742429
87131653366870075790547335015797327351668524261979385822630453330745034589855
6064789178399374623543649124682634042794660111749330563585398610437054327301
79450104849270836997849011648119388498946366817293916976305932853820656463792
85676385243028623591376960825627267812952629130332489654715939378129417090795
19651135464403612321413059599267386807093144132220291431842742230523395034834
48077775558797152941875407945986186426082096885032709587599528706724999165888
99363256881993954582288952557240808659815724216900726135632424297238548727629
5361982256247813146297682806776243479383449755496164934862253849509179380162
19516680875678036564654986859231711577774053762556687402419795225158661526025
99767193315553883366510593137326218424403592949104309653575540554143984825676
90546892642136760820570977415514071336128745468922643114290761199812599477237
39866295193669007894650093156058471035514257691652157457168685039878084209100
61508874305204849338499644675202028668111942461036602183735442452369727131363
75500425675829627042876366236822237950446611368637221481825586437670914417406
2648230397385777973082756699148632697765942069182054964812322666123575369710
9307611866522687623308793758839674985330684348317820233070429538801817385066
78629756405622427732349385398711468584779759043905083623263009665912125449898
21603202394556350011211003784519995028027626480789578912068824658173661844216
110374238853098786506041291217580895219365207057647385744846627695580941641804
16524381136162645442128686178114982730171722812997404319999767748399020816666
94146730143429666562109514558813725125723902858467089315924291933247046700311
68632506006169604594249905084944838803913877984394609475089925713591845307302
17133915278755470687872602480481176687255942536371898437209187448207764556809
8857205434968050845738769586218765112231732265256459407466141279035711426429
52937974473629534513778881858612914188176228185794868926299088905499012483754
12204405466765921649860999703253239838416094213684280078265744731446119547837
62847346039431220761894359251915056435929952446705057847740035829942100602638
3687836001836558941986251221497211298735780663660364424298588930961403554521
29897044543946886988002085787702283062970605621165367133858345918195378432771
12586701488608815691422552082355903079028778886083997651260494119152949766013
104223642524770088129040811883215557864830786901344074009629110048559657098651
73582292491301246385777699267760531903839674960683566541468993330450275622537
82328114200340784652439932127798996028465640047584254925020991659527093655882
75031135445766867890909079623366461693409527756316118872026775202299089347383
577907242159891054176921639599441684320980563258463335728457766133121803656
48942025122236751204782514387813488142210883555929121969677277264043509159860
100395318308645201636935802284976092468219064231791814851347694817534056982496
67763982014412267931672447590217220571588792865757219521027484089480662993068
36933796697105940204049058229395004485685687627040952177356866570820117910802
62821936318941663127463391504672103298317660917179308718027950343461075921603
106726922579691599414684236759836046123453513159417417914332831587121869055616
78177160048836339994548712683012045938983843159592837906770482222698597845815
15108974699339105286015550003938505349772319356203138582547835550164287250506
16784858636406070614788802240948820280804265391853742480160250096585282651732
38793230325198087514882886479986458094825777810408677830052056459860400929807
18420296192030004219558812647633541449726643387542327591832438921218814548907
110576352088383141033954628335827254626031566730751634919008293861498910811779
99475209982358842363101613054507357267674024945995873349573822492062767025381
111190077765310870322167768465560314031462874219848121258899188687766094426346
33494551586371470292202151867757123517583148700263032256492597878779200245711
47550977971888058263894745396059024755058814756828269034268522344673358166417
64722665019265519480798956809481192140069736266012826474538141345783060726699
51565601808318045481347034733825351829386500150598919713384195186177943918505
58578103467064842398164736057531902071707123036726389734613714522578314022383
94728055562683605938094328876044596445928271583901906939846778422982565978033
82634410896101177386215531794889781875236597072293959600977456600633581810508
96948872624023387924521899444835602896215189370895919357405443608173569409981
51587673181267667405123703374600200505399512196340995525386975865120262493715
78311985213722875547292563945884086480816319192794734114205055369787952706008
106044203801642195293501141605740246192059349071971840807813825877026651952069
65226747589363183654582086795695442602898339626295709829123269998098092294048
65846747015283148949112728433050435539695307231223233857693031688215745113723
2063796497673133516677708755718328699892607196874951076147171194114406684301
92151468165536110876936439765657523498520029039079126425773340338642023387602
109471166717212345379584455401974123604882348280450771017021705604264941584583
89006732871605791263636019815613596671387314306807734323396904481436505931885
104558355896385696963618934074872712249747765803676406445766096691272065525810
113228505586826086911524950743772123046456291379757978639043672996322959223176
37885026093779540147197174059919063432435009988357947594911979601736913007255
30478054754350862327273355362691945960508917249489266525329424103201546803482
10292715005788379717073595594133741834796304214550146014058714449473464186956
80957078651817454501548951379802189514433160291932829248941577979963338351106
13450032830769253707786814494773054999400913837756947979128214634558881780301
81080387315311809078081033495066834514287659726677220327489050371953810064298
29801217171473223622300216833757562677981453924867859473380364452471161844227
38512427646664097022789589233261578090840597162478963926280118990880103134571
49721817181014011377776960291952852246946841583518762238136831067566591270853
8005067318550952073656264756122013134755084803888282639009196693563932350120
9514136271318012146641925744044474469921627178988183573975333937901962765379
45943106347007771779663434315582036951640586093912986663434960642972405434133
99179522777051201273027612048257522493074602695487100612841019519821528813134
21290421211118272005209818496589630434477111714486232495451796139562560568700
108906940109262979244040199230987188466035093565067654443711614590358745729303
99112442197343729819425349282747785092217671701914896995991451182252906170984
