110102052203859031356303332572751521283574588263837211834662260008376489305880
3426044454626049285722223151165910726636311300558704210538406631070010702803
8402379302159259944436102510029313092883251727537462965264486923094682823304
70865213235634855724023295009295263443346710027294763430440772831590730725464
32808546943790793791233660982772873638674167946559794448801692524159934494618
9371897863851168430384025059617821661782585550063802975724186252947640726657
27300517700089329237027950325865986478516363002609598376469288040962162622312
16559180810467332947477821415685945781524915491578735453957242431564586071000
25728016854725435596684702049558713745514335376198864276116168450340057263240
22845001320182009317079551043432201325008169871961589029840911080321487563328
100242735353575364436665576264349393411635580034262142322012606366811969807796
39775364645074351294528954551114641031801363735887792426321747996181938158667
45113025268399596983888329303471063836731800030865544181946590665270613932760
63825698916019926763085258922395290552381398211221225862966258076219628499767
17188686882314872359055240408269856616146272839791967058782786459317498750119
63863422315167786214548542990584929031250107862812597564909135500074973439556
104906272001636418863538190606670890489522374912696242276234821858708444335019
56332513615399313111517562055177487257064952630409178141555537698003433285796
32402357314457523937562189806150857002473923640638983956589740950634993800693
63013159874658354363948479943175404569753730064774786483232323620367348183298
78800844003624449674637054880114311191043051120531449231070479911982267587328
70187852257168951713248276617921176423606555155269311673414968481169866889295
64924313927021398564585316155442433785536920164119089031463721692720472756762
70076873146198788842751687788681941291155388859236427887042486909167020126145
40487482034773061384604656843363029376603877092216801613887356490398981304676
61856646936949767119649452644384195735878232179349744230137492773812984601417
98750153268415032008874315676934540779433205519211923609518318600426816815654
672082559029544345807067638171007246293549957378621776102717016924409207326
29519752053219976130125584436055764814557812602414530854245114342169414009135
31047276046131645612560908042554007728006152704386326724728710251781202456207
29651678006447344217040729585089695760243307437529540272842050158063135358857
53196152098715125104472616777551463176929304646843308610133375697831803800674
15056490659285764338296707783382213151481904705517594727723409745027480523778
71424804097369721231459145172548314304490486481209092514506121929272764783745
108126728969820632431242174893076755503824793670951549288293313509715488126078
94525536490803790696235677462556544074558627556330600587808570538592323828550
16620488922126092522252556607256354909459051712339160322537157987851209806511
5729360730290258374032586376687132992958906132814554552573497495088712759288
63388342509831365109401510227722075457786945374935015146085904832548644423131
17139591667213884575701109141630437758537246287556016555392810822978131018300
60010523608208215630630888378964834025931664442672986375279185209616074004160
98248975522853084482950723556774464603953128442143110800633914232906925358047
66167393220412747786597059367291426150527819526433931431755866070688166347506
47359663024119015870512671943984904739520853642211878691104278313912533544030
52065009133827171360068058906551907793695065079905101536170168712358405104634
107405794381613333735264541555576168958573961604390775906926564029257001227268
32955770462552567164163630880999696051866883950000758249629796433931433766797
9865236341053974066090024867198050959122232183264289932577507493530218602308
97045282690238675986198866695229811040151633682285285193274654838616636630047
109410138805357732305479384015519122548490998080948618448727853146710135979310
27475133081068733784303657617954426129077639258337744464462390310799728446912
112855789579688462237446220545931238296246213315140638188204304105051491568579
6221723449969945782586796392891711666363698237561948417421904761152363718040
93819863901771357212413217881578667860992203930188260939725517647086132766828
98789711642857605800440654677632689444796873084030312961046768715640912077210
84793080243795018976622275739583717544829093935956543151546089665117442890930
97312746850040307035226931461366282408536052859624969232356120755924697230670
76413649037925666572103673324350979013179927545903069421607585065572277095248
102204963892207921440147192366769939380625736893423171614989333871014552379236
86663905126461658221745939382105852145158021805383191126895711800013449159393
69520882792644690248673460976780763652070712964591045140473850591556450760170
69447529198363869823368674541845755831663437249047916323477671991251509374147
3457126648728639761896096252152702044467120216735930221784596107851630255051
71291505397164275866921240758058121130866730140622461120618788693652033096566
93148500091717506534363362423996809287604729779270709313915840621549909038048
25537579114404613129945498002864959520712215396269077824552706765473720208371
62126088470399218671835000341649557416415094967276152681713754764532401593259
102400976799768458626524537995793344796921434574215539690861577683515309173368
57394100840123057402295396511695470242677889705485460410678569049305316052750
112187317007947752849130220594015409477194721093411283241091061350378889970746
33536547164525736381746408479169484894702735593923851158799673806308777693437
51792705061414313228163678324873386115681801996732602444212990903356641411701
50677052879345217993789331739525759996525675104955331047902542495135491209688
59809715539265053316145957208244284444971600746293109466182109680650376142354
25264895527780177069413045385857913413835330427284217583128851788808279836788
19923169060615946363944663883984827373105565028171880397838709539738554907415
86461294537842836113353468819161319534823027275706233842734762393830140181464
88221812936316809160338601657237442424312379923043395614061964790292849268357
9273927219090744555425064915282403831326929874157251588066084273061544212126
35708662934423740155989544906717104585690071334679387578596681571014568050976
85775857711117784683220940817016625724393928541096689271420315402128727266237
98640615687651183089655390837931507002126705881099443994636988339778044888744
38312583712165786483557733280612952832282565482996420289064837489556436761229
16240048833867769724625857256250291478379136540224248197209045848554271631927
106788695731891718770741309242134557351217081638446442973712604267981583182735
46410374029900938569814456099701741573924015895196422814812633019056143652001
6348980579599175552450639639437391516243418601327045368120327767923880639138
77826186136649308058535444627762107181975045356472149510925608158158957568680
23693007630291246888899948194346378508172608812176535437508466935691975787770
97083829789045421580057065297508146626234038085075249195709328900100656083970
94955143456799875404382132861356239999754312731462717624599530669112036207235
1247828965792492583544106968708910590864985423835756419330736732938842419091
101950813955218931793250350105527522886720736658437935187939368371774532600011
104629244114831291031481334375460772746146702733316796334221275515915650027080
67258369993685456291060693648413262063148925475109557690422841836700205376683
61091206171881592435180719549269401530624847351667941022364447663194529860956
6982619053860169724448318656663908397177264894855010482992757041685111158842
33067136354789080357205076827864736497653675608390722097949207971757025675274
70749754612691317014881951999827694056016900991929354408734102510642667311677
76095820071182196877482655878943818961263465359243307251910317367376306587046
94173340177309625914406917361614163636793338727319891999503666009415951758692
56639671127515531593083949131658287749301935118139171617076869837890250801593
85002289232060515081771025502346301296732657153805858235233320880626992899332
50806272328990035363196103667846574989743326540480810601490265018280519639274
87296358263946873978238259775536168627539459459941591659402109047953441562519
97443122283398781282863410924661535368365685120197666424822816012461643235788
69347474301264170733108474671285241893475805715593673523285764134091413474738
104186803336163245881799397477711036844796343955296813249518159701027399572616
7239615958738782038808058702309733094962751711224246299886028673208730645980
55819643093653466414889591136747150186166818779536974758765047359261177966234
36534187004513838669919741573548559075822819788449867736016847992095380508781
30588099265305416359543427401323533071238496816824239102072900221445615357620
7892089494066978592996734857278760926634807423313795308310818808951522112217
13124273744496549568251411655118838093493562079861161848749554452140316880733
84189286232749892589446027151474784104848424479338724865860924072487243181399
20630645895501366324610594211762321043303965022814558476768766960132771602322
31443252997007293047475225861181308165997283585979951239596476073998191402830
87643762022457853168295025318863155347649727666092933646734784966518580654359
112084873516270313740457148656400060773588131767843160025504208809406234242961
52723462887628622273846713719304173980878990171092897268959181075304111996754
70228252758829225457907620358556973105448988922547402163542535345435464186643
44683037761885650057308142373118550805663840560770811325437979597907968538288
74737260065134766561114025154195156005731566542428584158794472155999308073604
38240160372287105189586499570307300248682587031782901985561155536930262278339
29879989961153544549960393623233443278301472422170739677604908731075728870719
99571490755909204880221934741489935067007974858485515045936702717341864038975
101446088183550439838850103402473604711509022299655627519264267934941217726426
97396175621351584131065418975187423846212890240075720207672281594537285585058
113173546057534308738635584332121525279612260951005750260370736035718775589381
11413866765070504651779178320132331393861934094054931415420799862917697645008
79851913447504825551095540862149418633921159012128512648141712327824096410450
22375634198403368978242294068541517717606821691147195257580625401696536291830
33761607928070069684824016989989649553179375518249006995906523943738381741164
74942607081598087008878783611937224389823796187280993314985763812548832548354
26418199657990252272792471150585362684609577668461871727263136662520709604442
65763284659062307492946454293573060424226098429301203742210719345802398618150
58762346604363880954369891389365061303869203931620554125814218188741335488160
101748113060653554323251710545169478910295120921644845861804826128542003508002
46385984171973391862063577206301418885336518111495642399502270258828199501045
18745133693880770821087264166686952449512027502678671148833769077523931865017
48958470079868879905784859935149770611617935045596577343168547830255371502129
61903347687492774608881037176993583170797293914204737932199867593774104788609
95441256467372300921066357267947887104715489491511441035876421517055227042108
93191351487331564742994723926308550774409365217224418028007334615599622482058
2829112123347782101079129489281116245547143711834109350305029282708197899232
92167152137739132972368811251959414793850648398049105862969594068633181216417
45015691435797903253436016465675400179628637944220375686225463338149511219968
107975159162219397954770623850832989422032296447305533449755719684870881912553
107661640237946380995709016839544321548309683870528160436222556062693208854174
104271188553257364280096511464665940419992378413894982965775640099170947960126
88635685826255166359765495511967339729170927073530796857157728750982682211145
107685842251324794668287136806581419497578293438802778186075216117813353966884
106552655968680949626145017757572016995244472040606037266079328980941713353211
12340981653504917735175146906007604060108078140942568410589287724803551418878
43783859507483540041487098817271484806363036706263045942726053133185776194878
44388446634718879666117079755731619092234808038411978487716477909898694499843
111855050167989479577528193801568094617040110913412030405517894727190148275370
14901079342729284906323423604203098596886344896645055519763773273541652321458
102168446721512343764452373716460646672942973012273251108056546594170313661779
59563236722891031324162666377783073150428857801843018861829877842533482538602
21865725720868378854934925344154710322508302382012218945485517902944937055148
12588209877789947762102292580413861069908441863021850250884373416366562346722
54071330255123053906204132230029795463308587828820134237004512654817201916065
17162643261392477914576907287043896579714814268043050216616799241747043679456
69232990386107168065121896044257605739506986069249348982989436504701748395157
71015910543786340225541628525881967467279359964314636859336504481026777986466
109120692827161491100910367683633702454851177107367017950117294666189365811534
102758181721277862472791677782643662634574335681051914533665573376882446193820
70810384881944863395875195648846389492541317607075918801738251763568295144801
69351411741214887834032786496105188885460467030560867215500327533674052234975
11865900499829351095198619684825758801739971688992866616783830613084214980129
97513860456512348875016347087924697667049992559268177953640828098013994304399
109398092854583358014319597393315936600652790494924896784677867607468813187567
686272424104445873379315542960878993180275519533255852115422165957489301358
55444060278623709267205705689935799080445683348792939016690299053076804642248
55563665606817282677344407604753125424000849746335526070983168635956755888227
11777216618376774925519722898858039185391890827607526823837359675633251662018
55644731406884783679997806785951711596584570520732646987532978889552071044785
50479411719904181149115485162749536973676410301541127850469848671291640224313
93139499736602138925197595042607122330311993051178510776489624243393257363493
77754922529843996456986517953438641733734407810337227989023926944297917800068
45076848682145911027896801934937863046289706121983518971245235544020941960303
105426886944157789945127380117019642908439761438797200584500563417738330052017
5456680220569656228403096549502429890299117731953407924076599248576194420129
12015609319317387311843442915716807151417600760461354428607097336342708342732
32368806358963854538697419938562883989627317532005349481160140837796380703136
90544339028659588249929060165172437552188297260240052359383736438740975469377
93774166055528556647457469278534921425366937070741992158587539624057319322932
41404421334966920920811294794351452651052407489832616974579505151156789087253
112597979978098102941225821537953006479407164272773624491047450118493566282678
97458558254986975836998879825662987432987984016974667980963576099154632903852
94254740374153739476950493122933513459293832758658852692635120856336117975696
106860573939208317977654080093296326291731502987128709818385482779994664247354
55083706313573914998915046480998351012715767097810446844560829289092944581660
34282554872342644126249501376499099068279730569592281774368569336348120919015
78957520461389492523085038245015878975311598506329751707984600417313534434259
